%@article{Reference1,
%	Abstract = {We have developed an enhanced Littrow configuration extended cavity diode laser (ECDL) that can be tuned without changing the direction of the output beam. The output of a conventional Littrow ECDL is reflected from a plane mirror fixed parallel to the tuning diffraction grating. Using a free-space Michelson wavemeter to measure the laser wavelength, we can tune the laser over a range greater than 10 nm without any alteration of alignment.},
%	Author = {C. J. Hawthorn and K. P. Weber and R. E. Scholten},
%	Journal = {Review of Scientific Instruments},
%	Month = {12},
%	Number = {12},
%	Numpages = {3},
%	Pages = {4477--4479},
%	Title = {Littrow Configuration Tunable External Cavity Diode Laser with Fixed Direction Output Beam},
%	Volume = {72},
%	Url = {http://link.aip.org/link/?RSI/72/4477/1},
%	Year = {2001}}
%
%@article{Reference3,
%	Abstract = {Operating a laser diode in an extended cavity which provides frequency-selective feedback is a very effective method of reducing the laser's linewidth and improving its tunability. We have developed an extremely simple laser of this type, built from inexpensive commercial components with only a few minor modifications. A 780~nm laser built to this design has an output power of 80~mW, a linewidth of 350~kHz, and it has been continuously locked to a Doppler-free rubidium transition for several days.},
%	Author = {A. S. Arnold and J. S. Wilson and M. G. Boshier and J. Smith},
%	Journal = {Review of Scientific Instruments},
%	Month = {3},
%	Number = {3},
%	Numpages = {4},
%	Pages = {1236--1239},
%	Title = {A Simple Extended-Cavity Diode Laser},
%	Volume = {69},
%	Url = {http://link.aip.org/link/?RSI/69/1236/1},
%	Year = {1998}}
%
%@article{Reference2,
%	Abstract = {We present a review of the use of diode lasers in atomic physics with an extensive list of references. We discuss the relevant characteristics of diode lasers and explain how to purchase and use them. We also review the various techniques that have been used to control and narrow the spectral outputs of diode lasers. Finally we present a number of examples illustrating the use of diode lasers in atomic physics experiments. Review of Scientific Instruments is copyrighted by The American Institute of Physics.},
%	Author = {Carl E. Wieman and Leo Hollberg},
%	Journal = {Review of Scientific Instruments},
%	Keywords = {Diode Laser},
%	Month = {1},
%	Number = {1},
%	Numpages = {20},
%	Pages = {1--20},
%	Title = {Using Diode Lasers for Atomic Physics},
%	Volume = {62},
%	Url = {http://link.aip.org/link/?RSI/62/1/1},
%@article{Reference1,
%	Abstract = {We have developed an enhanced Littrow configuration extended cavity diode laser (ECDL) that can be tuned without changing the direction of the output beam. The output of a conventional Littrow ECDL is reflected from a plane mirror fixed parallel to the tuning diffraction grating. Using a free-space Michelson wavemeter to measure the laser wavelength, we can tune the laser over a range greater than 10 nm without any alteration of alignment.},
%	Author = {C. J. Hawthorn and K. P. Weber and R. E. Scholten},
%	Journal = {Review of Scientific Instruments},
%	Month = {12},
%	Number = {12},
%	Numpages = {3},
%	Pages = {4477--4479},
%	Title = {Littrow Configuration Tunable External Cavity Diode Laser with Fixed Direction Output Beam},
%	Volume = {72},
%	Url = {http://link.aip.org/link/?RSI/72/4477/1},
%	Year = {2001}}
%
%@article{Reference3,
%	Abstract = {Operating a laser diode in an extended cavity which provides frequency-selective feedback is a very effective method of reducing the laser's linewidth and improving its tunability. We have developed an extremely simple laser of this type, built from inexpensive commercial components with only a few minor modifications. A 780~nm laser built to this design has an output power of 80~mW, a linewidth of 350~kHz, and it has been continuously locked to a Doppler-free rubidium transition for several days.},
%	Author = {A. S. Arnold and J. S. Wilson and M. G. Boshier and J. Smith},
%	Journal = {Review of Scientific Instruments},
%	Month = {3},
%	Number = {3},
%	Numpages = {4},
%	Pages = {1236--1239},
%	Title = {A Simple Extended-Cavity Diode Laser},
%	Volume = {69},
%	Url = {http://link.aip.org/link/?RSI/69/1236/1},
%	Year = {1998}}
%
%@article{Reference2,
%	Abstract = {We present a review of the use of diode lasers in atomic physics with an extensive list of references. We discuss the relevant characteristics of diode lasers and explain how to purchase and use them. We also review the various techniques that have been used to control and narrow the spectral outputs of diode lasers. Finally we present a number of examples illustrating the use of diode lasers in atomic physics experiments. Review of Scientific Instruments is copyrighted by The American Institute of Physics.},
%	Author = {Carl E. Wieman and Leo Hollberg},
%	Journal = {Review of Scientific Instruments},
%	Keywords = {Diode Laser},
%	Month = {1},
%	Number = {1},
%	Numpages = {20},
%	Pages = {1--20},
%	Title = {Using Diode Lasers for Atomic Physics},
%	Volume = {62},
%	Url = {http://link.aip.org/link/?RSI/62/1/1},
%	Year = {1991}}

%%%%%%%%%%%%%%%%%%%%%%%%%%%%%%%%%%%%%%%%%%%%%%%%%%%%%%%%%%%%%%%%%%%

@online{ACCEL-OAS,
  author = {Jake Flomenberg},
  title = {The Next Wave in Software: Open Adoption Software (OAS)},
  url = {https://www.accel.com/interests/TheNextWaveInSoftwareOAS},
  urldate = {2017-02-21}
}

@inproceedings{almurayh2014xen,
  title={Xen web-based terminal for learning virtualization and cloud computing management},
  author={Almurayh, Abdullah and Semwal, Sudhanshu},
  booktitle={Proc. World Congress on Engineering and Computer Science},
  volume={1},
  pages={329--333},
  year={2014}
}

@online{Cisco-Tunneling,
  author = {Cisco},
  title = {Tunneling},
  url = {http://www.cisco.com/c/en/us/products/ios-nx-os-software/tunneling/index.html},
  urldate = {2017-03-04}
}

@online{Cloud9-Home,
  author = {Cloud9 IDE, Inc.},
  title = {Your development environment, in the cloud},
  url = {https://c9.io/},
  urldate = {2017-03-19}
}

@online{CollabNet-Dist-or-Cent,
  author = {Scott Rose},
  title = {Distributed or Centralized Development?},
  year = 2015,
  month = 10,
  day = 6,
  url = {http://blogs.collab.net/uncategorized/distributed-or-centralized-development},
  urldate = {2017-02-24}
}

@online{ComputerHope-HTTP,
  author = {ComputerHope},
  title = {HTTP},
  year = 2017,
  url = {https://www.computerhope.com/jargon/h/http.htm},
  urldate = {2017-03-19}
}

@online{Docker,
  author = {Docker Inc.},
  title = {Docker},
  year = 2017,
  url = {https://www.docker.com/},
  urldate = {2017-04-30}
}

@online{Docker-Containers,
  author = {Docker Inc.},
  title = {What is a Container},
  year = 2017,
  url = {https://www.docker.com/what-container},
  urldate = {2017-04-30}
}

@online{Docker-What-Is,
  author = {Docker Inc.},
  title = {What is Docker},
  year = 2017,
  url = {https://www.docker.com/what-docker},
  urldate = {2017-04-30}
}

@online{DigiCert-SSL,
  author = {DigiCert Inc},
  title = {What is an SSL certificate?},
  url = {https://www.digicert.com/ssl/},
  urldate = {2017-03-19}
}

@online{DigitalOcean-Docker-Ecosystem,
  author = {Justin Ellingwood},
  title = {The Docker Ecosystem: An Overview of Containerization},
  year = 2015,
  month = 2,
  day = 1,
  url = {https://www.digitalocean.com/community/tutorials/the-docker-ecosystem-an-overview-of-containerization},
  urldate = {2017-04-30}
}

@online{edX-About-Open-edX,
  author = {edX},
  title = {About Open edX},
  url = {https://open.edx.org/about-open-edx},
  urldate = {2017-04-25}
}

@online{ENP-Tunneling,
  author = {Charlie Schluting},
  title = {Networking 101: Understanding Tunneling},
  year = 2006,
  month = 8,
  day = 3,
  url = {http://www.enterprisenetworkingplanet.com/netsp/article.php/3624566/Networking-101-Understanding-Tunneling.htm},
  urldate = {2017-03-15}
}

% could cite as chapter 11 of book Server Security and Ansible
@online{GeerlingJeff-History-Remote-Access,
  author = {Jeff Geerling},
  title = {A brief history of SSH and remote access},
  year = 2014,
  month = 4,
  day = 15,
  url = {https://www.jeffgeerling.com/blog/brief-history-ssh-and-remote-access},
  urldate = {2017-03-04}
}

@online{GitHost.io,
  author = {GitLab Inc.},
  title = {Host GitLab on GitHost.io},
  year = 2017,
  url = {https://githost.io/},
  urldate = {2017-03-04}
}

@online{GitLab,
  author = {Phil Hughes and Amara Nwaigwe and Sean Packham and Annabel Dunstone Gray and Marcia Ramos and Achilleas Pipinellis and Mitchell Wright and Chad Malchow and Job van der Voort and Ashley Smith and Robert Speicher},
  title = {The platform for modern developers},
  year = 2017,
  month = 2,
  day = 9,
  url = {https://about.gitlab.com/},
  urldate = {2017-03-23}
}

@online{GitLab-About,
  author = {Sid Sijbrandij and James Edwards-Jones and Ernst van Nierop and Stan Hu and Chris Wilson and Job van der Voort and Robert Speicher},
  title = {About Us},
  year = 2017,
  month = 2,
  day = 23,
  url = {https://about.gitlab.com/about/},
  urldate = {2017-03-04}
}

@online{GitLab-Features,
  author = {Achilleas Pipinellis and RÃ©gis Freyd and Ty Ravsten and Bryce Johnson and Amara Nwaigwe and Jose Ivan Vargas Lopez and Ryan Harris and Nur Rony and Luke Babb and Mitchell Wright and Job van der Voort and Robert Speicher},
  title = {Next-generation developer collaboration software},
  year = 2017,
  month = 3,
  day = 1,
  url = {https://about.gitlab.com/features/},
  urldate = {2017-03-23}
}

@online{GitLab-GitLab.com,
  author = {Ernst van Nierop and Brian Neel and Sid Sijbrandij and Ruben Alexis and Lee Matos and Luke Babb and Chad Malchow and Achilleas Pipinellis and Stan Hu and Ismail S and Robert Speicher and Yorick Peterse},
  title = {Host your projects on GitLab.com},
  year = 2017,
  month = 2,
  day = 8,
  url = {https://about.gitlab.com/gitlab-com/},
  urldate = {2017-03-04}
}

@online{GitLab-Products,
  author = {RÃ©gis Freyd and Phil Hughes and Ernst van Nierop and Ty Ravsten and Amara Nwaigwe and Chad Malchow and Sid Sijbrandij and Ruben Alexis and Nur Rony and De Wet Blomerus and Kushal Pandya and RubÃ©n DÃ¡vila Santos and Athar Hameed and Mike Greiling and Achilleas Pipinellis and Robert Speicher},
  title = {GitLab Products},
  year = 2017,
  month = 2,
  day = 10,
  url = {https://about.gitlab.com/gitlab-com/},
  urldate = {2017-03-04}
}

@online{GlobalSign-SSL,
  author = {GlobalSign},
  title = {What is an SSL Certificate?},
  url = {https://www.globalsign.com/en/ssl-information-center/what-is-an-ssl-certificate/},
  urldate = {2017-03-15}
}

@online{GlobalSign-SSL-vs-TLS,
  author = {GlobalSign},
  title = {SSL vs. TLS - What's the Difference?},
  year = 2016,
  month = 7,
  day = 7,
  url = {https://www.globalsign.com/en/blog/ssl-vs-tls-difference/},
  urldate = {2017-03-19}
}

@online{GNU-Open-vs-Free,
  author = {Richard Mathew Stallman},
  title = {Why Open Source misses the point of Free Software},
  year = 2016,
  month = 11,
  day = 18,
  url = {https://www.gnu.org/philosophy/open-source-misses-the-point.html},
  urldate = {2017-02-21}
}

@online{GNU-FLOSS-vs-FOSS,
  author = {Richard Mathew Stallman},
  title = {FLOSS and FOSS},
  year = 2016,
  month = 11,
  day = 18,
  url = {https://www.gnu.org/philosophy/floss-and-foss.en.html},
  urldate = {2017-02-21}
}

@online{GNU-Free-Software,
  author = {Richard Mathew Stallman},
  title = {What is free software?},
  year = 2016,
  month = 12,
  day = 27,
  url = {https://www.gnu.org/philosophy/free-sw.html},
  urldate = {2017-02-21}
}

@online{GNU-Freedom,
  author = {Richard Mathew Stallman},
  title = {Free Software Is Even More Important Now},
  year = 2017,
  month = 1,
  day = 7,
  url = {https://www.gnu.org/philosophy/free-software-even-more-important.html},
  urldate = {2017-02-21}
}

@online{GNU-GNU-OS,
  author = {Richard Mathew Stallman},
  title = {About the GNU Operating System},
  year = 2014,
  month = 4,
  day = 12,
  url = {https://www.gnu.org/gnu/about-gnu.html},
  urldate = {2017-02-21}
}


@online{GNU-GNU-Linux,
  author = {Richard Mathew Stallman},
  title = {Linux and the GNU System},
  year = 2017,
  month = 2,
  day = 17,
  url = {https://www.gnu.org/gnu/linux-and-gnu.html},
  urldate = {2017-02-23}
}

@online{GNU-GPL,
  author = {Free Software Foundation},
  title = {GNU General Public License},
  year = 2007,
  month = 6,
  day = 29,
  url = {https://www.gnu.org/licenses/gpl.html},
  urldate = {2017-02-24}
}

@online{GNU-GPL-Guide,
  author = {Brett Smith},
  title = {A Quick Guide to GPLv3},
  year = 2014,
  month = 11,
  day = 8,
  url = {https://www.gnu.org/licenses/quick-guide-gplv3.html},
  urldate = {2017-02-24}
}

@online{GNU-Licenses,
  author = {Free Software Foundation},
  title = {Licenses},
  year = 2016,
  month = 11,
  day = 18,
  url = {https://www.gnu.org/licenses/licenses.en.html},
  urldate = {2017-02-24}
}

@online{Google-Drive-Usage,
  author = {Google},
  title = {Explore the Storage Features of Drive},
  url = {https://www.google.com/drive/using-drive/},
  urldate = {2017-03-23}
}

@online{GOVIEW-LOR,
  author = {University System of Georgia},
  title = {About Learning Repository},
  url = {https://go.view.usg.edu/shared/Documentation/9.4.1/Instructor/9.4.1%20Instructor%20Course%20Designer%20Help/learningrepository/about_learning_repository.htm},
  urldate = {2017-02-17}
}

@online{IBM-Hypervisors,
  author = {Bhanu P Tholeti},
  title = {Learn about hypervisors, system virtualization, and how it works in a cloud environment},
  year = 2011,
  month = 9,
  day = 23,
  url = {https://www.ibm.com/developerworks/cloud/library/cl-hypervisorcompare/},
  urldate = {2017-04-25}
}

@online{IBM-KVM-Security,
  author = {George Wilson and Michael Day and Beth Taylor},
  title = {KVM: Hypervisor Security You Can Depend On},
  year = 2011,
  month = 9,
  url = {ftp://public.dhe.ibm.com/linux/pdfs/LXW03004-USEN-00.pdf},
  urldate = {2017-04-25}
}

@online{info.SSL.com-SSL,
  author = {SSL.com Corp},
  title = {FAQ: What is SSL?},
  year = 2016,
  month = 3,
  day = 30,
  url = {http://info.ssl.com/article.aspx?id=10241},
  urldate = {2017-03-19}
}

@online{IMS-Global-LTI,
  author = {IMSGlobal},
  title = {Learning Tools InteroperabilityÂ® Background},
  url = {https://www.imsglobal.org/activity/learning-tools-interoperability},
  urldate = {2017-02-16}
}

@online{IMS-Global-Members,
  author = {IMSGlobal},
  title = {Contributing Members, Affiliates, and Alliance Participants},
  url = {https://www.imsglobal.org/membersandaffiliates.html},
  urldate = {2017-02-16}
}

@online{io.livecode.ch,
  author = {MultiMedia LLC},
  title = {io.livecode.ch},
  year = 2017,
  month = 1,
  day = 11,
  url = {http://io.livecode.ch/},
  urldate = {2017-04-30}
}

@online{Kaspersky-Tunneling,
  author = {Kaspersky Labs USA},
  title = {What is a Tunneling Protocol?},
  url = {https://usa.kaspersky.com/internet-security-center/definitions/tunneling-protocol},
  urldate = {2017-03-15}
}

@online{Khanacademy-What-is-Cryptography,
  author = {Brit Cruise},
  title = {What is cryptography?},
  year = 2012,
  month = 3,
  day = 27,
  url = {https://www.khanacademy.org/computing/computer-science/cryptography/crypt/v/intro-to-cryptography},
  urldate = {2017-03-19}
}


@online{Khanacademy-RSA-1,
  author = {Brit Cruise},
  title = {RSA encryption: Step 1},
  year = 2012,
  month = 4,
  day = 28,
  url = {https://www.khanacademy.org/computing/computer-science/cryptography/modern-crypt/v/intro-to-rsa-encryption},
  urldate = {2017-03-19}
}

@misc{Lopez-Jorge,
  author = {Jorge LÃ³pez},
  year = 2017,
  howpublished = {Conversaciones en el curso de 2017}
}

@online{LuxSci-SSL-vs-TLS,
  author = {Erik Kangas},
  title = {SSL versus TLS â Whatâs the difference?},
  year = 2016,
  month = 7,
  day = 19,
  url = {https://luxsci.com/blog/ssl-versus-tls-whats-the-difference.html},
  urldate = {2017-03-19}
}

@online{MINDFLASH-ABOUT,
  author = {Mindflash},
  title = {Mindflash Learning Management},
  url = {https://www.mindflash.com/about/},
  urldate = {2017-02-17}
}

@online{MINDFLASH-ABOUT,
  author = {Mindflash},
  title = {What is an LMS?},
  url = {https://www.mindflash.com/learning-management-systems/what-is-an-lms/},
  urldate = {2017-02-17}
}


@online{MOODLE-DOCS-Features,
  author = {Moodle Community},
  title = {Features},
  year = 2016,
  month = 3,
  day = 11,
  url = {https://docs.moodle.org/32/en/Features},
  urldate = {2017-02-17}
}

@online{MOODLE-GIT-License,
  author = {Martin Dougiamas and Free Software Foundation},
  title = {GNU GENERAL PUBLIC LICENSE},
  year = 2016,
  month = 3,
  day = 11,
  url = {https://git.moodle.org/gw?p=moodle.git;a=blob;f=COPYING.txt;h=94a9ed024d3859793618152ea559a168bbcbb5e2;hb=HEAD},
  urldate = {2017-02-17}
}

%[OpenBSD-OpenSSH-Features] http://www.openbsd.org/openssh/features.html Author/Publisher OpenBSD w/o pub date, last accessed 15 March 2017
%[OpenBSD-manpages-SSH] http://man.openbsd.org/OpenBSD-current/man1/ssh.1 
%Author/Publisher OpenBSD; Published July 16, 2016, last accessed 15 March 2017
%[OpenCampus-Home] https://www.opencampus.net/home/ Author/Publisher OpenCampus w/o pub date, last accessed 21 Feb. 2017
%[OpenCampus-Tecnology] https://www.opencampus.net/home/technology Author/Publisher OpenCampus w/o pub date, last accessed 21 Feb. 2017
%[OpenCampus-Universities] https://www.opencampus.net/home/univerities Author/Publisher OpenCampus w/o pub date, last accessed 21 Feb. 2017
%[OpenSSH] https://www.openssh.com/ Author/Publisher OpenSSH w/o pub date, last accessed 15 March 2017
%[Overleaf] https://www.overleaf.com/ Author/Publisher Overleaf, Writelatex Limited w/o pub date, last accessed 23 March 2017
%[Overleaf-Git] Author John Lees-Miller, Publisher Overleaf, Writelatex Limited; published January 15, 2015, last accessed 23 March 2017
%[PROGIT-Git-Intro] https://git-scm.com/book/en/v2/Getting-Started-Git-Basics Author Scott Chacon and Ben Straub; Publisher Apress; Pub November 12, 2014; last accessed 24 Feb. 2017
%[PROGIT-Git-GPG] https://git-scm.com/book/tr/v2/Git-Tools-Signing-Your-Work Author Scott Chacon and Ben Straub; Publisher Apress; Pub November 12, 2014; last accessed 24 Feb. 2017
%[PROGIT-VCS] https://git-scm.com/book/en/v2/Getting-Started-About-Version-Control Author Scott Chacon and Ben Straub; Publisher Apress; Pub November 12, 2014; last accessed 24 Feb. 2017
%[QEMU] http://www.qemu.org/ Author/Publisher QEMU Project w/o pub date; last accessed 25 April 2017

@article{raymond1999cathedral,
  title={The cathedral and the bazaar},
  author={Raymond, Eric},
  journal={Philosophy \& Technology},
  volume={12},
  number={3},
  pages={23},
  year={1999},
  publisher={Springer}
}

%[Repl.it-Home] https://repl.it/ Author/Publisher Repl.it and Neoreason, Inc.; pub March 3, 2017; last accessed 19 March 2017
%[RFC3986] https://tools.ietf.org/html/rfc3986 Author Tim Berners-Lee, Roy Fielding, Larry Masinter; Publisher Internet Engineering Task Force; Published January 2005; last accessed 19 March 2017
%[Shattered-Paper] https://shattered.io/static/shattered.pdf Author Marc Stevens, Elie Bursztein, Pierre Karpman, Ange Albertini, Yarik Markov; Publisher CWI Amsterdam and Google Research; Pub February 2017; last accessed 24 Feb. 2017
%[Teimouri-Davoud-OS-level-virt] https://www.teimouri.net/operating-system-level-virtualization/ Author Davoud Teimouri w/o publisher; Published 22 April 2016; last accessed 30 April 2017
%[UEA-What-is-a-MOOC] https://www.uea.ac.uk/study/short-courses/online-learning/what-is-a-mooc Author/Publisher University of East Anglia w/o Pub Date; last accessed 25 April 2017
%[UTD-VisionDoc] https://www.utdallas.edu/~chung/RE/Presentations10F/Team-hope/1%20-%20VisionDoc.pdf Author Owolabi Legunsen, Chris Lindee, Kevin Lloyd, Radu Matcovschi, BenJamin Morin, Sam Shaw, Kirk Smith, Patrick Trantham, Chris Yancey; Publisher University of Texas at Dallas; Pub 30 November 2010; last accessed 7 Abril 2017
%[UTPL-Datos-Estadisticos] http://www.utpl.edu.ec/utpl/informacion-general/datos-estadisticos Author/Publisher UTPL; Pub 2017, last accessed 5 Abril 2017
%[UTPL-Directorio-Docentes] http://www.utpl.edu.ec/directorio/index.php?ban=2&id_citte=1&id_dep=118&nom_dep=DEPARTAMENTO%20DE%20CIENCIAS%20DE%20LA%20COMPUTACION%20Y%20ELECTRONICA Author/Publisher UTPL; Pub 2017, last accessed 5 Abril 2017
%[UTPL-GitLab] https://git.taw.utpl.edu.ec/ Author/Publisher UTPL; Pub 2017, last accessed 4 March 2017
%[UTPL-GitEduERP] https://git.taw.utpl.edu.ec/ArqAppGrpBravoEarleyVargas/GitEduERP Authors Marcelo Bravo, Nicholas Earley, Pricilla Vargas; Publisher UTPL; Pub 2017; last accessed 30 April 2017
%[UTPL-Thesis-Encuestas-Online] http://dspace.utpl.edu.ec/handle/123456789/14471 Authors 	Diana Maritza Ortega Salinas, Juan Carlos SÃ¡nchez Castillo; Publisher UTPL; Pub 2007; last accessed 30 April 2017
%[UTPL-Thesis-Edu-Web-2.0] http://dspace.utpl.edu.ec/handle/123456789/17020 Authors Mauricio Javier Castillo Torres; Publisher UTPL; Pub 2008; last accessed 30 April 2017
%[UTPL-OpenCampus] http://opencampus.utpl.edu.ec/about Author/Publisher UTPL; Pub 2017, last accessed 21 Feb. 2017
%[Vanderbilt-Course-Management-Systems] https://cft.vanderbilt.edu/guides-sub-pages/course-management-systems/ Author/Publisher Vanderbilt University w/o pub date; last accessed 25 April 2017
%[VirtualBox] https://www.virtualbox.org/ Author/Publisher Oracle w/o pub date; last accessed 30 April 2017
%[VMWare-Virtualization] http://www.vmware.com/solutions/virtualization.html Author/Publisher VMware, Inc. w/o pub date; last accessed 25 April 2017
%[VMWare-HypervisorSecurity] http://www.vmware.com/content/dam/digitalmarketing/vmware/en/pdf/whitepaper/techpaper/vmw-white-paper-secrty-vsphr-hyprvsr-uslet-101.pdf Author/Publisher VMware Inc.; Published January 2014; last accessed 25 April 2017
%[Webopedia-CSS] http://www.webopedia.com/TERM/C/CSS.html Author Vangie Beal; Publisher Webopedia, ITBusinessEdge, QuinStreet Inc.; w/o pub date, last accessed 19 March 2017
%[Webopedia-HTML] http://www.webopedia.com/TERM/H/HTML.html Author Vangie Beal; Publisher Webopedia, ITBusinessEdge, QuinStreet Inc.; w/o pub date, last accessed 19 March 2017
%[Webopedia-HTTP] http://www.webopedia.com/TERM/H/HTTP.html Author Vangie Beal; Publisher Webopedia, ITBusinessEdge, QuinStreet Inc.; w/o pub date, last accessed 19 March 2017
%[Webopedia-JavaScript] http://www.webopedia.com/TERM/J/JavaScript.html Author Vangie Beal; Publisher Webopedia, ITBusinessEdge, QuinStreet Inc.; w/o pub date, last accessed 19 March 2017
%[Webopedia-REST] http://www.webopedia.com/TERM/R/REST.html Author/Publisher Webopedia, ITBusinessEdge, QuinStreet Inc.; w/o pub date, last accessed 19 March 2017
%[Webopedia-URI] http://www.webopedia.com/TERM/U/URI.html Author Webopedia Staff; Publisher Webopedia, ITBusinessEdge, QuinStreet Inc.; w/o pub date, last accessed 19 March 2017
%[Xen-Project-Overview] https://wiki.xen.org/wiki/Xen_Project_Software_Overview Author Xen Community; Publisher Xen Project; Pub 21 March 2016; last accessed 30 April 2017

